@article{berant2015imitation,
  title={Imitation learning of agenda-based semantic parsers},
  author={Berant, Jonathan and Liang, Percy},
  journal={Transactions of the Association for Computational Linguistics},
  volume={3},
  pages={545--558},
  year={2015},
  publisher={MIT Press One Rogers Street, Cambridge, MA 02142-1209, USA journals-info~…}
}

@ARTICLE{Chen-2021-Temporal,
	author = {Chen, Gang and Liu, Mei and Kong, Zhaodan},
	title = {Temporal-Logic-Based Semantic Fault Diagnosis with Time-Series Data from Industrial Internet of Things},
	year = {2021},
	journal = {IEEE Transactions on Industrial Electronics},
	volume = {68},
	number = {5},
	pages = {4393 – 4403},
	doi = {10.1109/TIE.2020.2984976},
	publisher = {Institute of Electrical and Electronics Engineers Inc.},
	abbrev_source_title = {IEEE Trans Ind Electron}
}

@ARTICLE{ng2000algorithms,
	title={Algorithms for inverse reinforcement learning.},
	author={Ng, Andrew Y and Russell, Stuart and others},
	booktitle={International Conference on Machine Learning (ICML)},
        journal={International Conference on Machine Learning (ICML)},
        publisher={Cambridge, MA},
	volume={1},
	number={2},
	pages={2},
	year={2000}
}

@inproceedings{abbeel2004apprenticeship,
  title={Apprenticeship learning via inverse reinforcement learning},
  author={Abbeel, Pieter and Ng, Andrew Y},
  booktitle={Proceedings of the twenty-first international conference on Machine learning},
  pages={1},
  year={2004}
}

@inproceedings{Klein2012,
 author = {Klein, Edouard and Geist, Matthieu and Piot, Bilal and Pietquin, Olivier},
 booktitle = {Advances in Neural Information Processing Systems},
 editor = {F. Pereira and C.J. Burges and L. Bottou and K.Q. Weinberger},
 publisher = {Curran Associates, Inc.},
 title = {Inverse Reinforcement Learning through Structured Classification},
 url = {https://proceedings.neurips.cc/paper_files/paper/2012/file/559cb990c9dffd8675f6bc2186971dc2-Paper.pdf},
 volume = {25},
 year = {2012}
}

@ARTICLE{Tabatabaie2021,
	author = {Tabatabaie, Mahan and He, Suining and Yang, Xi},
	title = {Reinforced Feature Extraction and Multi-Resolution Learning for Driver Mobility Fingerprint Identification},
	year = {2021},
	journal = {GIS: Proceedings of the ACM International Symposium on Advances in Geographic Information Systems},
	pages = {69 – 80},
	doi = {10.1145/3474717.3483911},
	publisher = {Association for Computing Machinery},
	abbrev_source_title = {GIS Proc. ACM Int. Symp. Adv. Geogr. Inf. Syst.}
}

@ARTICLE{Wabartha2020-2140,
	author = {Wabartha, Maxime and Durand, Audrey and Francois-Lavet, Vincent and Pineau, Joelle},
	title = {Handling black swan events in deep learning with diversely extrapolated neural networks},
	year = {2020},
	journal = {IJCAI International Joint Conference on Artificial Intelligence},
	volume = {2021-January},
	pages = {2140 – 2147},
	publisher = {International Joint Conferences on Artificial Intelligence},
	abbrev_source_title = {IJCAI Int. Joint Conf. Artif. Intell.}
}

@ARTICLE{Mao2018-1928,
	author = {Mao, Jiang-Yun and Wu, Hao and Sun, Wei-Wei},
	title = {Vehicle Trajectory Anomaly Detection in Road Network via Markov Decision Process},
	year = {2018},
	journal = {Jisuanji Xuebao/Chinese Journal of Computers},
	volume = {41},
	number = {8},
	pages = {1928 – 1942},
	doi = {10.11897/SP.J.1016.2018.01928},
	publisher = {Science Press},
	abbrev_source_title = {Jisuanji Xuebao}
}

@ARTICLE{Prathiba2023-1246,
	author = {Prathiba, Sahaya Beni and Raja, Gunasekaran and Anbalagan, Sudha and Arikumar, K.S. and Gurumoorthy, Sugeerthi and Dev, Kapal},
	title = {A Hybrid Deep Sensor Anomaly Detection for Autonomous Vehicles in 6G-V2X Environment},
	year = {2023},
	journal = {IEEE Transactions on Network Science and Engineering},
	volume = {10},
	number = {3},
	pages = {1246 – 1255},
	doi = {10.1109/TNSE.2022.3188304},
	publisher = {IEEE Computer Society},
	abbrev_source_title = {IEEE Trans. Netw. Sci. Eng.}
}

@ARTICLE{Khazaeli2024,
	author = {Khazaeli, Shervin and Goulet, James-A.},
	title = {Damage detection for structural health monitoring using reinforcement and imitation learning},
	year = {2024},
	journal = {Structure and Infrastructure Engineering},
	doi = {10.1080/15732479.2024.2320686},
	publisher = {Taylor and Francis Ltd.},
	abbrev_source_title = {Struct. Infrastructure Eng.}
}

@CONFERENCE{Lee2019-220,
	author = {Lee, Keuntaek and An, Gabriel Nakajima and Zakharov, Viacheslav and Theodorou, Evangelos A.},
	title = {Perceptual Attention-based Predictive Control},
	year = {2019},
	journal = {Proceedings of Machine Learning Research},
	volume = {100},
	pages = {220 – 232},
	publisher = {ML Research Press},
	abbrev_source_title = {Proc. Mach. Learn. Res.}
}

@ARTICLE{Li2022-2365,
	author = {Li, Yuening and Chen, Zhengzhang and Zha, Daochen and Zhou, Kaixiong and Jin, Haifeng and Chen, Haifeng and Hu, Xia},
	title = {Automated Anomaly Detection via Curiosity-Guided Search and Self-Imitation Learning},
	year = {2022},
	journal = {IEEE Transactions on Neural Networks and Learning Systems},
	volume = {33},
	number = {6},
	pages = {2365 – 2377},
	doi = {10.1109/TNNLS.2021.3105636},
	publisher = {Institute of Electrical and Electronics Engineers Inc.},
	abbrev_source_title = {IEEE Trans. Neural Networks Learn. Sys.}
}

@CONFERENCE{Oh2019-1480,
	author = {Oh, Min-Hwan and Iyengar, Garud},
	title = {Sequential anomaly detection using inverse reinforcement learning},
	year = {2019},
	journal = {Proceedings of the ACM SIGKDD International Conference on Knowledge Discovery and Data Mining},
	pages = {1480 – 1490},
	doi = {10.1145/3292500.3330932},
	publisher = {Association for Computing Machinery},
	abbrev_source_title = {Proc. ACM SIGKDD Int. Conf. Knowl. Discov. Data Min.}
}

@ARTICLE{Lian2023-1,
	author = {Lian, Bosen and Kartal, Yusuf and Lewis, Frank L. and Mikulski, Dariusz G. and Hudas, Gregory R. and Wan, Yan and Davoudi, Ali},
	title = {Anomaly Detection and Correction of Optimizing Autonomous Systems With Inverse Reinforcement Learning},
	year = {2023},
	journal = {IEEE Transactions on Cybernetics},
	volume = {53},
	number = {7},
	pages = {4555 – 4566},
	doi = {10.1109/TCYB.2022.3213526},
	publisher = {Institute of Electrical and Electronics Engineers Inc.},
	abbrev_source_title = {IEEE Trans. Cybern.}
}

@CONFERENCE{Wang2023,
	author = {Wang, Chen and Erfani, Sarah and Alpcan, Tansu and Leckie, Christopher},
	title = {Online Trajectory Anomaly Detection Based on Intention Orientation},
	year = {2023},
	journal = {Proceedings of the International Joint Conference on Neural Networks},
	volume = {2023-June},
	doi = {10.1109/IJCNN54540.2023.10191891},
	publisher = {Institute of Electrical and Electronics Engineers Inc.},
	abbrev_source_title = {Proc Int Jt Conf Neural Networks}
}

@ARTICLE{Fujiishi2021-1012,
	author = {Fujiishi, Hidehito and Kobayashi, Taisuke and Sugimoto, Kenji},
	title = {Safe and efficient imitation learning by clarification of experienced latent space},
	year = {2021},
	journal = {Advanced Robotics},
	volume = {35},
	number = {16},
	pages = {1012 – 1027},
	doi = {10.1080/01691864.2021.1959397},
	publisher = {Robotics Society of Japan},
	abbrev_source_title = {Adv .Rob.}
}

@ARTICLE{Pinciroli2022-752,
	author = {Pinciroli, Luca and Baraldi, Piero and Ballabio, Guido and Compare, Michele and Zio, Enrico},
	title = {Optimization of the Operation and Maintenance of renewable energy systems by Deep Reinforcement Learning},
	year = {2022},
	journal = {Renewable Energy},
	volume = {183},
	pages = {752 – 763},
	doi = {10.1016/j.renene.2021.11.052},
	publisher = {Elsevier Ltd},
	abbrev_source_title = {Renew. Energy}
}

@CONFERENCE{Li2021-2117,
	author = {Li, Yuening and Chen, Zhengzhang and Zha, Daochen and Zhou, Kaixiong and Jin, Haifeng and Chen, Haifeng and Hu, Xia},
	title = {AutoOD: Neural architecture search for outlier detection},
	year = {2021},
	journal = {Proceedings - International Conference on Data Engineering},
	volume = {2021-April},
	pages = {2117 – 2122},
	doi = {10.1109/ICDE51399.2021.00210},
	publisher = {IEEE Computer Society},
	abbrev_source_title = {Proc Int Conf Data Eng}
}

@article{siraskar2023,
  title={Reinforcement learning for predictive maintenance: A systematic technical review},
  author={Siraskar, Rajesh and Kumar, Satish and Patil, Shruti and Bongale, Arunkumar and Kotecha, Ketan},
  journal={Artificial Intelligence Review},
  volume={56},
  number={11},
  pages={12885--12947},
  year={2023},
  publisher={Springer}
}

@article{panzer2022,
  title={Deep reinforcement learning in production systems: a systematic literature review},
  author={Panzer, Marcel and Bender, Benedict},
  journal={International Journal of Production Research},
  volume={60},
  number={13},
  pages={4328},
  year={2022},
  publisher={Taylor \& Francis}
}